@book{wyner65,
  title={Capabilities of Bounded Discrepancy Decoding},
  author={Wyner, A.D.},
  series={Bell Telephone System; Technical publications; monograph},
  url={https://books.google.de/books?id=kwEfcgAACAAJ},
  year={1965},
  publisher={American Telephone and Telegraph Company}
}

@article {shannon59,
author = {Shannon, Claude E.},
title = {Probability of Error for Optimal Codes in a Gaussian Channel},
journal = {Bell System Technical Journal},
volume = {38},
number = {3},
publisher = {Blackwell Publishing Ltd},
issn = {1538-7305},
url = {http://dx.doi.org/10.1002/j.1538-7305.1959.tb03905.x},
doi = {10.1002/j.1538-7305.1959.tb03905.x},
pages = {611--656},
year = {1959},
}


